@article{coco,
    author  = "Tsung-Yi Lin, Michael Maire, Serge Belongie, James Hays, Pietro Perona, Deva Ramanan, Piotr
Dollár, and C Lawrence Zitnick.",
    title   = " Microsoft coco: Common objects in context",
    year    = "2014",
    journal = "Computer Vision–ECCV 2014: 13th European Conference, Zurich, Switzerland, September 6-12, 2014",
    volume  = "Part V",
    number  = "13",
    pages   = "740–755"
}
